@book{CAS_MM,
  author         = {Joel S. Cohen},
  editor         = {},
  publisher      = {A K Peters},
  title          = {Computer Algebra and Symbolic Computation - Mathematical Methods},
  year           = {2003}
}

@book{CAS_EA,
  author         = {Joel S. Cohen},
  editor         = {},
  publisher      = {A K Peters},
  title          = {Computer Algebra and Symbolic Computation - Elementary Algorithms},
  year           = {2002}
}

@online{BNF_PT,
  url = {https://athena.ecs.csus.edu/~gordonvs/135/resources/04bnfParseTrees.pdf},
  title = {BNF (Backus-Naur Form) and Parse Trees},
  author = {Scott Gordon},
  year = {2015},
  
}

@book{A_COMP,
  author         = {Peter Astbury},
  editor         = {Peter EJ Kemp},
  publisher      = {},
  title          = {A-level Computing},
  year           = {2009}
}

@online{CA,
  url = {https://fachgruppe-computeralgebra.de/computeralgebra/},
  title = {Was ist Computeralgebra?},
  author = {Fachgruppe der Gesellschaft f√ºr Informatik},
  year = {Erscheinungsdatum unbekannt},
}

